@book{Lozano,
  title={Unmanned aerial vehicles: Embedded control},
  author={Lozano, Rogelio},
  year={2013},
  publisher={John Wiley \& Sons}
}

@article{Claudio,
  title={Seguimiento de trayectoria de un mini-helic{\'o}ptero de cuatro rotores basado en m{\'e}todos num{\'e}ricos},
  author={Rosales, Claudio and Scaglia, Gustavo and Carelli, Ricardo and Jordan, Mario}
}
@book{Stanislaw,
  title={Systems and control},
  author={Zak, Stanislaw H},
  year={2003},
  publisher={Oxford University Press New York}
}
@inproceedings{Omar,
  title={Discrete optimal control for a quadrotor UAV: Experimental approach},
  author={Santos, Omar and Romero, Hugo and Salazar, Sergio and Lozano, Rogelio},
  booktitle={Unmanned Aircraft Systems (ICUAS), 2014 International Conference on},
  pages={1138--1145},
  year={2014},
  organization={IEEE}
}
@inproceedings{Jose,
  title={Path following control for the Cartesian position of the Quadrotorâ‹†},
  author={Corona-Sanchez, Jos{\'e} J and Rodr{\i}guez-Cort{\'e}s, H},
  booktitle={Memoria XV Congreso Latinoamericano de Control Autom{\'a}tico},
  year={2012}
}
@article{Ian,
  title={OPTIMAL TRAJECTORY PLANNING AND LQR CONTROL FOR A QUADROTOR UAV},
  author={Whidborne, Ian D Cowling James F and Cooke, Alastair K}
}
@book{Boyd,
  title={Convex optimization},
  author={Boyd, Stephen and Vandenberghe, Lieven},
  year={2009},
  publisher={Cambridge university press}
}
@phdthesis{Samir,
  title={Design and control of quadrotors with application to autonomous flying},
  author={Bouabdallah, Samir},
  year={2007},
  school={{\'E}cole Polytechnique federale de Lausanne}
}

@inproceedings{wannes,
  title={Time-optimal quadrotor flight},
  author={Van Loock, Wannes and Pipeleers, Goele and Swevers, Jan},
  booktitle={Control Conference (ECC), 2013 European},
  pages={1788--1792},
  year={2013},
  organization={IEEE}
}

@article{lai2006time,
  title={Time-optimal control of a hovering quad-rotor helicopter},
  author={Lai, Li-Chun and Yang, Chi-Ching and Wu, Chia-Ju},
  journal={Journal of Intelligent and Robotic Systems},
  volume={45},
  number={2},
  pages={115--135},
  year={2006},
  publisher={Springer}
}

@article{lai2006time,
  title={Time-optimal control of a hovering quad-rotor helicopter},
  author={Lai, Li-Chun and Yang, Chi-Ching and Wu, Chia-Ju},
  journal={Journal of Intelligent and Robotic Systems},
  volume={45},
  number={2},
  pages={115--135},
  year={2006},
  publisher={Springer}
}
@inproceedings{alexis2010design,
  title={Design and experimental verification of a constrained finite time optimal control scheme for the attitude control of a quadrotor helicopter subject to wind gusts},
  author={Alexis, Kostas and Nikolakopoulos, George and Tzes, Anthony},
  booktitle={Robotics and Automation (ICRA), 2010 IEEE International Conference on},
  pages={1636--1641},
  year={2010},
  organization={IEEE}
}
@inproceedings{ritz2011quadrocopter,
  title={Quadrocopter performance benchmarking using optimal control},
  author={Ritz, Robin and Hehn, Markus and Lupashin, Sergei and D'Andrea, Raffaello},
  booktitle={Intelligent Robots and Systems (IROS), 2011 IEEE/RSJ International Conference on},
  pages={5179--5186},
  year={2011},
  organization={IEEE}
}
@book{kirk2012optimal,
  title={Optimal control theory: an introduction},
  author={Kirk, Donald E},
  year={2012},
  publisher={Courier Dover Publications}
}

@ELECTRONIC{motive,
  author = {{Natural Point}},
  year = {Diciembre de 2014},
  title = {\texttt{http://www.naturalpoint.com/optitrack/}}
}

@ELECTRONIC{imu,
  author = {{MicroStrain}},
  year = {Diciembre de 2014},
  title = {\texttt{http://www.microstrain.com/inertial/3dm-gx3-35}}
}

@ELECTRONIC{digi,
  author = {{Digi}},
  year = {Diciembre de 2014},
  title = {\texttt{http://www.digi.com/products/wireless-wired-embedded-solutions/zigbee -rf-modules}}
}

@article{castillo,
  title={Modelado y estabilizaci{\'o}n de un helic{\'o}ptero con cuatro rotores},
  author={Castillo, P and Garc{\'\i}a, P and Lozano, R and Albertos, P},
  journal={Revista Iberoamericana de Autom{\'a}tica e Inform{\'a}tica Industrial RIAI},
  volume={4},
  number={1},
  pages={41--57},
  year={2007},
  publisher={Elsevier}
}

@inproceedings{meier2011pixhawk,
  title={Pixhawk: A system for autonomous flight using onboard computer vision},
  author={Meier, Lorenz and Tanskanen, Petri and Fraundorfer, Friedrich and Pollefeys, Marc},
  booktitle={Robotics and automation (ICRA), 2011 IEEE international conference on},
  pages={2992--2997},
  year={2011},
  organization={IEEE}
}

@inproceedings{santoso2007linear,
  title={Linear quadratic optimal control synthesis for a uav},
  author={Santoso, Fendy and Liu, Ming and Egan, Gregory},
  booktitle={12thAustralian International Aerospace Congress, AIAC12, Melbourne, Australia},
  year={2007}
}
@article{nuchkrua2012identification,
  title={Identification and optimal control of Quadrotor},
  author={Nuchkrua, Thanana and Parnichkun, Manukid},
  journal={Thammasat International Journal of Science and Technology},
  volume={17},
  number={4},
  pages={36},
  year={2012}
}

@inproceedings{sanchez2012nonlinear,
  title={Nonlinear and optimal real-time control of a rotary-wing UAV},
  author={S{\'a}nchez, LA and Santos, Omar and Romero, Hugo and Salazar, Sergio and Lozano, Rogelio},
  booktitle={American Control Conference (ACC), 2012},
  pages={3857--3862},
  year={2012}
}

@UNPUBLISHED{omarfinito,
  title={Finite horizon nonlinear optimal control for a quadrotor:
experimental results},
  author={S{\'a}nchez, LA and Santos, Omar and Romero, Hugo and Salazar, Sergio and Lozano, Rogelio}
  
}